<record><leader>00000cas a2200000 a 4500</leader><controlfield tag="001">13917999</controlfield><controlfield tag="008">860723d19301973kyuwr ne      0   a0eng d</controlfield><datafield ind1=" " ind2=" " tag="010"><subfield code="a">sn 86069317 </subfield></datafield><datafield ind1=" " ind2=" " tag="040"><subfield code="a">KNP</subfield><subfield code="b">eng</subfield><subfield code="c">KNP</subfield><subfield code="d">OCL</subfield><subfield code="d">OCLCQ</subfield><subfield code="d">KYUBL</subfield><subfield code="d">OCLCQ</subfield><subfield code="d">OCLCF</subfield><subfield code="d">OCLCO</subfield></datafield><datafield ind1="1" ind2=" " tag="029"><subfield code="a">AU@</subfield><subfield code="b">000022176492</subfield></datafield><datafield ind1=" " ind2=" " tag="042"><subfield code="a">msc</subfield></datafield><datafield ind1=" " ind2=" " tag="043"><subfield code="a">n-us-ky</subfield></datafield><datafield ind1="0" ind2=" " tag="130"><subfield code="a">Ohio County messenger (Beaver Dam, Ky. : 1930)</subfield></datafield><datafield ind1="1" ind2="0" tag="245"><subfield code="a">Ohio County messenger.</subfield></datafield><datafield ind1="1" ind2="3" tag="246"><subfield code="a">Beaver Dam messenger</subfield></datafield><datafield ind1=" " ind2=" " tag="260"><subfield code="a">Beaver Dam, Ky. :</subfield><subfield code="b">Carlos B. Embry,</subfield><subfield code="c">-1973.</subfield></datafield><datafield ind1=" " ind2=" " tag="300"><subfield code="a">v. :</subfield><subfield code="b">ill.</subfield></datafield><datafield ind1=" " ind2=" " tag="310"><subfield code="a">Weekly</subfield></datafield><datafield ind1="1" ind2=" " tag="362"><subfield code="a">Began in 1930?</subfield></datafield><datafield ind1="0" ind2=" " tag="362"><subfield code="a">-v. 43, no. 36 (Nov. 23, 1973).</subfield></datafield><datafield ind1=" " ind2=" " tag="588"><subfield code="a">Description based on: Vol. 1, no. 41 (Jan. 2, 1931).</subfield></datafield><datafield ind1=" " ind2="0" tag="651"><subfield code="a">Beaver Dam (Ky.)</subfield><subfield code="v">Newspapers.</subfield></datafield><datafield ind1=" " ind2="0" tag="651"><subfield code="a">Ohio County (Ky.)</subfield><subfield code="v">Newspapers.</subfield></datafield><datafield ind1=" " ind2="7" tag="655"><subfield code="a">Newspapers.</subfield><subfield code="2">fast</subfield><subfield code="0">(OCoLC)fst01423814</subfield></datafield><datafield ind1=" " ind2="7" tag="651"><subfield code="a">Kentucky</subfield><subfield code="z">Beaver Dam.</subfield><subfield code="2">fast</subfield><subfield code="0">(OCoLC)fst01226853</subfield></datafield><datafield ind1=" " ind2="7" tag="651"><subfield code="a">Kentucky</subfield><subfield code="z">Ohio County.</subfield><subfield code="2">fast</subfield><subfield code="0">(OCoLC)fst01211822</subfield></datafield><datafield ind1=" " ind2=" " tag="752"><subfield code="a">United States</subfield><subfield code="b">Kentucky</subfield><subfield code="c">Ohio</subfield><subfield code="d">Beaver Dam.</subfield></datafield><datafield ind1="0" ind2="0" tag="785"><subfield code="t">Messenger (Beaver Dam, Ky.)</subfield><subfield code="w">(DLC)sn 86069318</subfield><subfield code="w">(OCoLC)13918383</subfield></datafield></record>